@article{texbook,
  title={Parallel transportation for Alexandrov space with curvature bounded below},
  author={Petrunin, Anton},
  journal={Geometric \& Functional Analysis GAFA},
  volume={8},
  number={1},
  pages={123--148},
  year={1998},
  publisher={Springer}
}
@article{sutton1988learning,
  title={Learning to predict by the methods of temporal differences},
  author={Sutton, Richard S},
  journal={Machine learning},
  volume={3},
  number={1},
  pages={9--44},
  year={1988},
  publisher={Springer}
}

@article{sutton1992reinforcement,
  title={Reinforcement learning is direct adaptive optimal control},
  author={Sutton, Richard S and Barto, Andrew G and Williams, Ronald J},
  journal={IEEE control systems magazine},
  volume={12},
  number={2},
  pages={19--22},
  year={1992},
  publisher={IEEE}
}

@inproceedings{sutton1992gain,
  title={Gain adaptation beats least squares},
  author={Sutton, Richard S},
  booktitle={Proceedings of the 7th Yale workshop on adaptive and learning systems},
  volume={161},
  pages={166},
  year={1992}
}


@article{tesauro1994td,
  title={TD-Gammon, a self-teaching backgammon program, achieves master-level play},
  author={Tesauro, Gerald},
  journal={Neural computation},
  volume={6},
  number={2},
  pages={215--219},
  year={1994},
  publisher={MIT Press One Rogers Street, Cambridge, MA 02142-1209, USA journals-info~â€¦}
}

@article{robbins1951stochastic,
  title={A stochastic approximation method},
  author={Robbins, Herbert and Monro, Sutton},
  journal={The annals of mathematical statistics},
  pages={400--407},
  year={1951},
  publisher={JSTOR}
}

@incollection{tesauro1992temporal,
  title={Temporal difference learning of backgammon strategy},
  author={Tesauro, Gerald},
  booktitle={Machine Learning Proceedings 1992},
  pages={451--457},
  year={1992},
  publisher={Elsevier}
}

@techreport{rumelhart1985learning,
  title={Learning internal representations by error propagation},
  author={Rumelhart, David E and Hinton, Geoffrey E and Williams, Ronald J},
  year={1985},
  institution={California Univ San Diego La Jolla Inst for Cognitive Science}
}

@book{mohri2018foundations,
  title={Foundations of machine learning},
  author={Mohri, Mehryar and Rostamizadeh, Afshin and Talwalkar, Ameet},
  year={2018},
  publisher={MIT press}
}

@inproceedings{petrushin2000hidden,
  title={Hidden markov models: Fundamentals and applications},
  author={Petrushin, Valery A},
  booktitle={Online Symposium for Electronics Engineer},
  year={2000}
}



@article{rabiner1989tutorial,
  title={A tutorial on hidden Markov models and selected applications in speech recognition},
  author={Rabiner, Lawrence R},
  journal={Proceedings of the IEEE},
  volume={77},
  number={2},
  pages={257--286},
  year={1989},
  publisher={Ieee}
}

@inproceedings{petrushin2000hidden,
  title={Hidden markov models: Fundamentals and applications},
  author={Petrushin, Valery A},
  booktitle={Online Symposium for Electronics Engineer},
  year={2000}
}

@article{stanke2003gene,
  title={Gene prediction with a hidden Markov model and a new intron submodel},
  author={Stanke, Mario and Waack, Stephan},
  journal={Bioinformatics},
  volume={19},
  number={suppl\_2},
  pages={ii215--ii225},
  year={2003},
  publisher={Oxford University Press}
}

@article{tokuda2013speech,
  title={Speech synthesis based on hidden Markov models},
  author={Tokuda, Keiichi and Nankaku, Yoshihiko and Toda, Tomoki and Zen, Heiga and Yamagishi, Junichi and Oura, Keiichiro},
  journal={Proceedings of the IEEE},
  volume={101},
  number={5},
  pages={1234--1252},
  year={2013},
  publisher={IEEE}
}

@article{morwal2012named,
  title={Named entity recognition using hidden Markov model (HMM)},
  author={Morwal, Sudha and Jahan, Nusrat and Chopra, Deepti},
  journal={International Journal on Natural Language Computing (IJNLC) Vol},
  volume={1},
  year={2012}
}

@inproceedings{karlof2003hidden,
  title={Hidden Markov model cryptanalysis},
  author={Karlof, Chris and Wagner, David},
  booktitle={International Workshop on Cryptographic Hardware and Embedded Systems},
  pages={17--34},
  year={2003},
  organization={Springer}
}

@article{florian2011hidden,
  title={Hidden markov models in the neurosciences},
  author={Florian, Blaettler and Sepp, Kollmorgen and Joshua, Herbst and Richard, Hahnloser},
  journal={Hidden Markov Models, Theory and Applications, ed P. Dymarski (Rijeka: IntTech)},
  pages={169--186},
  year={2011}
}

@book{mamon2007hidden,
  title={Hidden Markov models in finance},
  author={Mamon, Rogemar S and Elliott, Robert James},
  volume={4},
  year={2007},
  publisher={Springer}
}

@book{puterman2014markov,
  title={Markov decision processes: discrete stochastic dynamic programming},
  author={Puterman, Martin L},
  year={2014},
  publisher={John Wiley \& Sons}
}

@misc{behrends2000introduction,
  title={Introduction to Markov Chains with Special Emphasis on Rapid Mixing. Vieweg},
  author={Behrends, Ehrhard},
  year={2000},
  publisher={Wiesbaden}
}

@incollection{jelinek1985markov,
  title={Markov source modeling of text generation},
  author={Jelinek, Frederick},
  booktitle={The impact of processing techniques on communications},
  pages={569--591},
  year={1985},
  publisher={Springer}
}

@inproceedings{szymanski2004line,
  title={On-line text generation using Markov models},
  author={Szymanski, G and Ciota, Z},
  booktitle={Proceedings of the International Conference Modern Problems of Radio Engineering, Telecommunications and Computer Science, 2004.},
  pages={339--341},
  year={2004},
  organization={IEEE}
}
@book{lawler2010random,
  title={Random walk: a modern introduction},
  author={Lawler, Gregory F and Limic, Vlada},
  volume={123},
  year={2010},
  publisher={Cambridge University Press}
}
@inproceedings{mundy2014random,
  title={Random Walk},
  author={Mundy, John N},
  booktitle={Defect and Diffusion Forum},
  volume={353},
  pages={1--7},
  year={2014},
  organization={Trans Tech Publ}
}
@article{van1976stochastic,
  title={Stochastic differential equations},
  author={Van Kampen, Nicolaas G},
  journal={Physics reports},
  volume={24},
  number={3},
  pages={171--228},
  year={1976},
  publisher={Elsevier}
}
@incollection{protter2005stochastic,
  title={Stochastic differential equations},
  author={Protter, Philip E},
  booktitle={Stochastic integration and differential equations},
  pages={249--361},
  year={2005},
  publisher={Springer}
}